@misc{gregory2024equivariantgeometricconvolutionsemulation,
      title={Equivariant geometric convolutions for emulation of dynamical systems}, 
      author={Wilson G. Gregory and David W. Hogg and Ben Blum-Smith and Maria Teresa Arias and Kaze W. K. Wong and Soledad Villar},
      year={2024},
      eprint={2305.12585},
      archivePrefix={arXiv},
      primaryClass={cs.LG},
      url={https://arxiv.org/abs/2305.12585}, 
}

@software{jax2018github,
  author = {James Bradbury and Roy Frostig and Peter Hawkins and Matthew James Johnson and Chris Leary and Dougal Maclaurin and George Necula and Adam Paszke and Jake Vander{P}las and Skye Wanderman-{M}ilne and Qiao Zhang},
  title = {{JAX}: composable transformations of {P}ython+{N}um{P}y programs},
  url = {http://github.com/jax-ml/jax},
  version = {0.3.13},
  year = {2018},
}