@inproceedings{marcos2017rotation,
  title={Rotation equivariant vector field networks},
  author={Marcos, Diego and Volpi, Michele and Komodakis, Nikos and Tuia, Devis},
  booktitle={Proceedings of the IEEE International Conference on Computer Vision},
  pages={5048--5057},
  year={2017}
}

@inproceedings{esteves2018learning,
  title={Learning so (3) equivariant representations with spherical cnns},
  author={Esteves, Carlos and Allen-Blanchette, Christine and Makadia, Ameesh and Daniilidis, Kostas},
  booktitle={Proceedings of the European Conference on Computer Vision (ECCV)},
  pages={52--68},
  year={2018}
}

@inproceedings{mitchel2021field,
  title={Field convolutions for surface CNNs},
  author={Mitchel, Thomas W and Kim, Vladimir G and Kazhdan, Michael},
  booktitle={Proceedings of the IEEE/CVF International Conference on Computer Vision},
  pages={10001--10011},
  year={2021}
}